@article{unctad, 
	author = "UNCTAD",
	title = "Review of Marittime Transport 2016",
	pages = "x",
	year = "2016",
	DOI = "http://unctad.org/en/PublicationsLibrary/rmt2016_en.pdf"
}
	
@misc{z-score,
	author = "Sebastian Raschka",
	howpublished = {\url{ "http://sebastianraschka.com/Articles/2014_about_feature_scaling.html"}},
	note = "Accessed: 03/01/2017"}

@article{ruder2016overview,
  author    = {Sebastian Ruder},
  title     = {An overview of gradient descent optimization algorithms},
  journal   = {CoRR},
  volume    = {abs/1609.04747},
  year      = {2016},
  url       = {http://arxiv.org/abs/1609.04747},
  archivePrefix = {arXiv},
  eprint    = {1609.04747},
  timestamp = {Wed, 07 Jun 2017 14:40:06 +0200},
  biburl    = {http://dblp.org/rec/bib/journals/corr/Ruder16},
  bibsource = {dblp computer science bibliography, http://dblp.org}
}


@misc{angle-inject-kernel,
	author = "Kaggle.com",
	howpublished = {\url{"https://www.kaggle.com/devm2024/transfer-learning-with-vgg-16-cnn-aug-lb-0-1712"}},
	note = "Accessed: 23/12/2017"}
	
@misc{logloss,
	author = "Kaggle.com",
	howpublished = {\url{"https://www.kaggle.com/wiki/LogLoss"}},
	note = "Accessed: 23/12/2017"}
	
@misc{kaggle,
	author = "Kaggle.com",
	howpublished = {\url{"https://www.kaggle.com/c/statoil-iceberg-classifier-challenge"}},
	note = "Accessed: 23/12/2017"}
	
@misc{keras-layers,
	author = "Keras",
	howpublished = {\url{"https://keras.io/layers/merge/"}},
	note = "Accessed: 23/12/2017"}
	
@misc{c-core,
	author = "C-Core",
	howpublished = {\url{ "https://www.c-core.ca/IcebergSurveillance"}},
	note = "Accessed: 28/12/2017"}

@article{radarsat-mode-selection,
	author = "Abreu et al",
	title = "RADARSAT-2 mode selection for maritime surveillance",
	pages = "38-70",
	year = "2011",
	publisher = "Defence Research and Development Canada"}
	
@inproceedings{bentes,
  title={Ship-Iceberg Discrimination with Convolutional Neural Networks in High Resolution SAR Images},
  author={Bentes da Silva, Carlos Augusto and Frost, Anja and Velotto, Domenico and Tings, Bj{\"o}rn},
  booktitle={11th European Conference on Synthetic Aperture Radar Electronic Proceedings, 06-09 June, 2016, Hamburg, Germany},
  pages={491--494},
  year={2016},
  organization={VDE Verlag GmbH}
}

@article{deepcnn,
  title={Very deep convolutional networks for large-scale image recognition},
  author={Simonyan, Karen and Zisserman, Andrew},
  journal={arXiv preprint arXiv:1409.1556},
  year={2014}
}

@article{yu,
author = {Peter Yu and A. K. Qin and David A. Clausi},
title = {Feature extraction of dual-pol SAR imagery for sea ice image segmentation},
journal = {Canadian Journal of Remote Sensing},
volume = {38},
number = {3},
pages = {352-366},
year  = {2012},
publisher = {Taylor & Francis},
doi = {10.5589/m12-028},

URL = { 
        https://doi.org/10.5589/m12-028
    
},
eprint = { 
        https://doi.org/10.5589/m12-028}}